@online{semver,
    author    = "Tom Preston-Werner",
    title     = "Semantic Versioning 2.0.0",
    url       = "https://semver.org"
}

@online{py-comp,
    author     = "Guido Van Rossum",
    title      = "Comparing Python to Other Languages",
    url        = "https://www.python.org/doc/essays/comparisons/"
}

@online{TIOBE,
    author   = "Paul Jansen",
    title    = "TIOBE Programming Community index",
    url      = "https://www.tiobe.com/tiobe-index/"
}

@online{tty,
    author = "Linus Ã…kesson",
    title = "The TTY demystified",
    url = "http://www.linusakesson.net/programming/tty/index.php?tty"
}

@book{gof,
    author      = "Gamma, Erich and Helm, Richard and Johnson, Ralph and Vlissides, John",
    title       = "Design patterns: elements of reusable object-oriented software",
    publisher   = "Addison-Wesley",
    year        = "1994"
}
